% This file was created with JabRef 2.10.
% Encoding: Cp1252


@InProceedings{Bai:2003,
  Title                    = {IMPORTANT: a framework to systematically analyze the Impact of Mobility on Performance of Routing Protocols for Adhoc Networks},
  Author                   = {Bai, F. and Narayanan Sadagopan and Helmy, A.},
  Booktitle                = {INFOCOM 2003. Twenty-Second Annual Joint Conference of the IEEE Computer and Communications. IEEE Societies},
  Year                     = {2003},
  Month                    = {march-3 april},
  Pages                    = {825 - 835 vol.2},
  Volume                   = {2},

  Abstract                 = { A mobile ad hoc network (MANET) is a collection of wireless mobile nodes forming a temporary network without using any existing infrastructure. Since not many MANETs are currently deployed, research in this area is mostly simulation based. Random waypoint is the commonly used mobility model in these simulations. Random waypoint is a simple model that may be applicable to some scenarios. However, we believe that it is not sufficient to capture some important mobility characteristics of scenarios in which MANETs may be deployed. Our framework aims to evaluate the impact of different mobility models on the performance of MANET routing protocols. We propose various protocol independent metrics to capture interesting mobility characteristics, including spatial and temporal dependence and geographic restrictions. In addition, a rich set of parameterized mobility models is introduced including random waypoint, group mobility, freeway and Manhattan models. Based on these models several 'test-suite' scenarios are chosen carefully to span the metric space. We demonstrate the utility of our test-suite by evaluating various MANET routing protocols, including DSR, AODV and DSDV. Our results show that the protocol performance may vary drastically across mobility models and performance rankings of protocols may vary with the mobility models used. This effect can be explained by the interaction of the mobility characteristics with the connectivity graph properties. Finally, we attempt to decompose the routing protocols into mechanistic "building blocks" to gain a deeper insight into the performance variations across protocols in the face of mobility.},
  Bdsk-url-1               = {http://dx.doi.org/10.1109/INFCOM.2003.1208920},
  Date-added               = {2013-05-22 09:07:42 +0000},
  Date-modified            = {2013-05-22 09:08:06 +0000},
  Keywords                 = {AODV; DSDV; DSR; Manhattan model; connectivity graph property; freeway model; geographic restriction; group mobility; mobile ad hoc network; parameterized mobility model impact; protocol independent metric; random waypoint; routing protocol performance; scenario mobility characteristics; spatial dependence; temporal dependence; test-suite scenario; wireless mobile node; ad hoc networks; mobile radio; routing protocols;}
}

@InProceedings{Burgess:2006,
  Title                    = {MaxProp: Routing for Vehicle-Based Disruption-Tolerant Networks},
  Author                   = {Burgess, J. and Gallagher, B. and Jensen, D. and Levine, B. N.},
  Booktitle                = {INFOCOM 2006. 25th IEEE International Conference on Computer Communications. Proceedings},
  Year                     = {2006},
  Month                    = {april},
  Pages                    = {1 -11},

  Abstract                 = {Not available},
  Bdsk-url-1               = {http://dx.doi.org/10.1109/INFOCOM.2006.228},
  Date-added               = {2013-05-22 08:53:06 +0000},
  Date-modified            = {2013-05-22 08:53:34 +0000}
}

@TechReport{Cintra:2012,
  Title                    = {Os custos do congestionamento na cidade de S.Paulo},
  Author                   = {Marcos Cintra},
  Institution              = {Funda{\c c}{\~a}o Get{\'u}lio Vargas},
  Year                     = {2012},

  Date-added               = {2013-05-20 00:30:04 +0000},
  Date-modified            = {2013-05-20 00:39:06 +0000}
}

@InProceedings{Crescenzi:2009,
  Title                    = {Spatial node distribution of manhattan path based random waypoint mobility models with applications},
  Author                   = {Crescenzi, Pilu and Di Ianni, Miriam and Marino, Andrea and Rossi, Gianluca and Vocca, Paola},
  Booktitle                = {Proceedings of the 16th international conference on Structural Information and Communication Complexity},
  Year                     = {2010},

  Address                  = {Berlin, Heidelberg},
  Pages                    = {154--166},
  Publisher                = {Springer-Verlag},
  Series                   = {SIROCCO'09},

  Bdsk-url-1               = {http://dx.doi.org/10.1007/978-3-642-11476-2_13},
  Date-added               = {2013-05-20 01:26:19 +0000},
  Date-modified            = {2013-05-20 01:26:38 +0000},
  Location                 = {Piran, Slovenia},
  Numpages                 = {13}
}

@Article{Dressler:2008,
  Title                    = {A study of self-organization mechanisms in ad hoc and sensor networks},
  Author                   = {Falko Dressler},
  Journal                  = {Computer Communications},
  Year                     = {2008},
  Number                   = {13},
  Pages                    = {3018 - 3029},
  Volume                   = {31},

  Abstract                 = {Self-organization is a great concept for building scalable systems consisting of a huge number of subsystems. The primary objectives are improved scalability and dynamic adaptation to changing environmental conditions. Until now, many self-organization methods have been developed for communication networks in general and ad hoc networks in particular. Nevertheless, the term self-organization is still often misunderstood or misused. This paper contributes to the networking community by providing a better understanding of self-organization mechanisms focusing especially on the applicability in ad hoc and sensor networks. The main contributions of this paper are a clarification of the term self-organization and a categorization of self-organization methods. Additionally, well-known protocols in ad hoc and sensor networks are classified and selected case studies are provided. Primarily, solutions for the medium access control and the network layer are analyzed and discussed. Finally, open research issues with practical relevance are discussed.},
  Bdsk-file-1              = {YnBsaXN0MDDUAQIDBAUGJCVYJHZlcnNpb25YJG9iamVjdHNZJGFyY2hpdmVyVCR0b3ASAAGGoKgHCBMUFRYaIVUkbnVsbNMJCgsMDxJXTlMua2V5c1pOUy5vYmplY3RzViRjbGFzc6INDoACgAOiEBGABIAFgAdccmVsYXRpdmVQYXRoWWFsaWFzRGF0YW8QVQAuAC4ALwAuAC4ALwBVAEYATABBACAALQAgAEcAcgBhAGQAdQBhAGMDJwBhAwMAbwAvAFAAcgBvAGoAZQB0AG8AIABPAHIAaQBlAG4AdABhAGQAbwAvAEEAcgB0AGkAZwBvAHMAIABwAGEAcgBhACAAUABlAHMAcQB1AGkAcwBhAC8AcwBlAGwALQBvAHIAZwBhAG4AaQB6AGEAdABpAG8AbgAuAHAAZABm0hcLGBlXTlMuZGF0YU8RAi4AAAAAAi4AAgAADE1hY2ludG9zaCBIRAAAAAAAAAAAAAAAAAAAAMxx2I9IKwAAAAwlzxRzZWwtb3JnYW5pemF0aW9uLnBkZgAAAAAAAAAAAAAAAAAAAAAAAAAAAAAAAAAAAAAAAAAAAAAAAAAAAAAAAAAADCXnytm18AAAAAAAAAAAAAIABAAACSAAAAAAAAAAAAAAAAAAAAAVQXJ0aWdvcyBwYXJhIFBlc3F1aXNhAAAQAAgAAMxyAr8AAAARAAgAAMrZ0hAAAAABABgADCXPAAwlzAAL8YAAAzlcAAM5TwAAmLEAAgB6TWFjaW50b3NoIEhEOlVzZXJzOgBsdWl6Y29zdGE6AERvY3VtZW50czoAVUZMQSAtIEdyYWR1YY2LbzoAUHJvamV0byBPcmllbnRhZG86AEFydGlnb3MgcGFyYSBQZXNxdWlzYToAc2VsLW9yZ2FuaXphdGlvbi5wZGYADgAqABQAcwBlAGwALQBvAHIAZwBhAG4AaQB6AGEAdABpAG8AbgAuAHAAZABmAA8AGgAMAE0AYQBjAGkAbgB0AG8AcwBoACAASABEABIAa1VzZXJzL2x1aXpjb3N0YS9Eb2N1bWVudHMvVUZMQSAtIEdyYWR1YWPMp2HMg28vUHJvamV0byBPcmllbnRhZG8vQXJ0aWdvcyBwYXJhIFBlc3F1aXNhL3NlbC1vcmdhbml6YXRpb24ucGRmAAATAAEvAAAVAAIAEP//AACABtIbHB0eWiRjbGFzc25hbWVYJGNsYXNzZXNdTlNNdXRhYmxlRGF0YaMdHyBWTlNEYXRhWE5TT2JqZWN00hscIiNcTlNEaWN0aW9uYXJ5oiIgXxAPTlNLZXllZEFyY2hpdmVy0SYnVHJvb3SAAQAIABEAGgAjAC0AMgA3AEAARgBNAFUAYABnAGoAbABuAHEAcwB1AHcAhACOATsBQAFIA3oDfAOBA4wDlQOjA6cDrgO3A7wDyQPMA94D4QPmAAAAAAAAAgEAAAAAAAAAKAAAAAAAAAAAAAAAAAAAA+g=},
  Date-added               = {2013-05-22 08:50:12 +0000},
  Date-modified            = {2013-05-22 08:50:35 +0000},
  Keywords                 = {Adaptive mechanisms}
}

@InProceedings{Fall:2003,
  Title                    = {A delay-tolerant network architecture for challenged internets},
  Author                   = {Fall, Kevin},
  Booktitle                = {Proceedings of the 2003 conference on Applications, technologies, architectures, and protocols for computer communications},
  Year                     = {2003},

  Address                  = {New York, NY, USA},
  Pages                    = {27--34},
  Publisher                = {ACM},
  Series                   = {SIGCOMM '03},

  Bdsk-url-1               = {http://doi.acm.org/10.1145/863955.863960},
  Bdsk-url-2               = {http://dx.doi.org/10.1145/863955.863960},
  Date-added               = {2013-04-30 14:23:03 +0000},
  Date-modified            = {2013-05-20 00:46:58 +0000},
  Location                 = {Karlsruhe, Germany},
  Numpages                 = {8}
}

@InCollection{Freitas:2010,
  Title                    = {Geo-aware Handover of Mission Agents Using Opportunistic Communication in VANET},
  Author                   = {Freitas, EdisonPignaton and Heimfarth, Tales and Wagner, Fl{\'a}vioRech and Ferreira, ArmandoMorado and Pereira, CarlosEduardo and Larsson, Tony},
  Booktitle                = {Smart Spaces and Next Generation Wired/Wireless Networking},
  Publisher                = {Springer Berlin Heidelberg},
  Year                     = {2010},
  Editor                   = {Balandin, Sergey and Dunaytsev, Roman and Koucheryavy, Yevgeni},
  Pages                    = {365-376},
  Series                   = {Lecture Notes in Computer Science},
  Volume                   = {6294},

  Bdsk-url-1               = {http://dx.doi.org/10.1007/978-3-642-14891-0_32},
  Date-added               = {2013-05-17 22:04:41 +0000},
  Date-modified            = {2013-05-20 00:46:08 +0000},
  Keywords                 = {Opportunistic Communication; Context Awareness; Software Agents; Ad Hoc Networks; MANETs; VANETs}
}

@InProceedings{Freitas:2011,
  Title                    = {Analyzing different levels of geographic context awareness in agent ferrying over VANETs},
  Author                   = {de Freitas, Edison Pignaton and Heimfarth, Tales and Costa, Luiz Augusto Guimar\~{a}es and Ferreira, Armando M. and Pereira, Carlos Eduardo and Wagner, Fl\'{a}vio Rech and Larsson, Tony},
  Booktitle                = {Proceedings of the 2011 ACM Symposium on Applied Computing},
  Year                     = {2011},

  Address                  = {New York, NY, USA},
  Pages                    = {413--418},
  Publisher                = {ACM},
  Series                   = {SAC '11},

  Bdsk-file-1              = {YnBsaXN0MDDUAQIDBAUGJCVYJHZlcnNpb25YJG9iamVjdHNZJGFyY2hpdmVyVCR0b3ASAAGGoKgHCBMUFRYaIVUkbnVsbNMJCgsMDxJXTlMua2V5c1pOUy5vYmplY3RzViRjbGFzc6INDoACgAOiEBGABIAFgAdccmVsYXRpdmVQYXRoWWFsaWFzRGF0YW8QqgAuAC4ALwAuAC4ALwBVAEYATABBACAALQAgAEcAcgBhAGQAdQBhAGMDJwBhAwMAbwAvAFAAcgBvAGoAZQB0AG8AIABPAHIAaQBlAG4AdABhAGQAbwAvAEEAcgB0AGkAZwBvAHMAIABwAGEAcgBhACAAUABlAHMAcQB1AGkAcwBhAC8ARgByAGUAaQB0AGEAcwBfADIAMAAxADAALQBBAG4AYQBsAHkAegBpAG4AZwAgAEQAaQBmAGYAZQByAGUAbgB0ACAATABlAHYAZQBsAHMAIABvAGYAIABHAGUAbwBnAHIAYQBwAGgAaQBjACAAQwBvAG4AdABlAHgAdAAgAEEAdwBhAHIAZQBuAGUAcwBzACAAaQBuACAAQQBnAGUAbgB0ACAARgBlAHIAcgB5AGkAbgBnACAAbwB2AGUAcgAgAFYAQQBOAEUAVABzAC4AcABkAGbSFwsYGVdOUy5kYXRhTxEDOAAAAAADOAACAAAMTWFjaW50b3NoIEhEAAAAAAAAAAAAAAAAAAAAzHHYj0grAAAADCXPH0ZyZWl0YXNfMjAxMC1BbmFseXppbiNDMjVEQi5wZGYAAAAAAAAAAAAAAAAAAAAAAAAAAAAAAAAAAAAAAAAAAAAMJdvLk1J8AAAAAAAAAAAAAgAEAAAJIAAAAAAAAAAAAAAAAAAAABVBcnRpZ29zIHBhcmEgUGVzcXVpc2EAABAACAAAzHICvwAAABEACAAAy5N8rAAAAAEAGAAMJc8ADCXMAAvxgAADOVwAAzlPAACYsQACAIVNYWNpbnRvc2ggSEQ6VXNlcnM6AGx1aXpjb3N0YToARG9jdW1lbnRzOgBVRkxBIC0gR3JhZHVhjYtvOgBQcm9qZXRvIE9yaWVudGFkbzoAQXJ0aWdvcyBwYXJhIFBlc3F1aXNhOgBGcmVpdGFzXzIwMTAtQW5hbHl6aW4jQzI1REIucGRmAAAOANQAaQBGAHIAZQBpAHQAYQBzAF8AMgAwADEAMAAtAEEAbgBhAGwAeQB6AGkAbgBnACAARABpAGYAZgBlAHIAZQBuAHQAIABMAGUAdgBlAGwAcwAgAG8AZgAgAEcAZQBvAGcAcgBhAHAAaABpAGMAIABDAG8AbgB0AGUAeAB0ACAAQQB3AGEAcgBlAG4AZQBzAHMAIABpAG4AIABBAGcAZQBuAHQAIABGAGUAcgByAHkAaQBuAGcAIABvAHYAZQByACAAVgBBAE4ARQBUAHMALgBwAGQAZgAPABoADABNAGEAYwBpAG4AdABvAHMAaAAgAEgARAASAMBVc2Vycy9sdWl6Y29zdGEvRG9jdW1lbnRzL1VGTEEgLSBHcmFkdWFjzKdhzINvL1Byb2pldG8gT3JpZW50YWRvL0FydGlnb3MgcGFyYSBQZXNxdWlzYS9GcmVpdGFzXzIwMTAtQW5hbHl6aW5nIERpZmZlcmVudCBMZXZlbHMgb2YgR2VvZ3JhcGhpYyBDb250ZXh0IEF3YXJlbmVzcyBpbiBBZ2VudCBGZXJyeWluZyBvdmVyIFZBTkVUcy5wZGYAEwABLwAAFQACABD//wAAgAbSGxwdHlokY2xhc3NuYW1lWCRjbGFzc2VzXU5TTXV0YWJsZURhdGGjHR8gVk5TRGF0YVhOU09iamVjdNIbHCIjXE5TRGljdGlvbmFyeaIiIF8QD05TS2V5ZWRBcmNoaXZlctEmJ1Ryb290gAEACAARABoAIwAtADIANwBAAEYATQBVAGAAZwBqAGwAbgBxAHMAdQB3AIQAjgHlAeoB8gUuBTAFNQVABUkFVwVbBWIFawVwBX0FgAWSBZUFmgAAAAAAAAIBAAAAAAAAACgAAAAAAAAAAAAAAAAAAAWc},
  Bdsk-url-1               = {http://dx.doi.org/10.1145/1982185.1982275},
  Date-added               = {2013-05-22 09:21:37 +0000},
  Date-modified            = {2013-05-22 09:22:12 +0000},
  Keywords                 = {VANETs, ad hoc networks, context awareness, opportunistic communication, software agents},
  Location                 = {TaiChung, Taiwan},
  Numpages                 = {6}
}

@Article{Freitas:2013,
  Title                    = {Exploring geographic context awareness for data dissemination on mobile ad hoc networks},
  Author                   = {Edison Pignaton de Freitas and Tales Heimfarth and Flavio Rech Wagner and Carlos Eduardo Pereira and Tony Larsson},
  Journal                  = {Ad Hoc Networks},
  Year                     = {2013},
  Number                   = {0},
  Pages                    = {-},

  Bdsk-url-1               = {http://www.sciencedirect.com/science/article/pii/S1570870513000620},
  Bdsk-url-2               = {http://dx.doi.org/10.1016/j.adhoc.2013.04.001},
  Date-added               = {2013-05-17 21:33:55 +0000},
  Date-modified            = {2013-05-20 00:45:54 +0000},
  Doi                      = {10.1016/j.adhoc.2013.04.001},
  ISSN                     = {1570-8705}
}

@Article{Guise:2011,
  Title                    = {Expectations for Presentation of Engineering and Scientific Mobile Platform Information within a Virtual Globe Geographic Information Systems.},
  Author                   = {Guise, Brian and Proctor, Michael D.},
  Journal                  = {J. Geographic Information System},
  Year                     = {2011},
  Number                   = {2},
  Pages                    = {120-127},
  Volume                   = {3},

  Bdsk-file-1              = {YnBsaXN0MDDUAQIDBAUGJCVYJHZlcnNpb25YJG9iamVjdHNZJGFyY2hpdmVyVCR0b3ASAAGGoKgHCBMUFRYaIVUkbnVsbNMJCgsMDxJXTlMua2V5c1pOUy5vYmplY3RzViRjbGFzc6INDoACgAOiEBGABIAFgAdccmVsYXRpdmVQYXRoWWFsaWFzRGF0YW8QUQAuAC4ALwAuAC4ALwBVAEYATABBACAALQAgAEcAcgBhAGQAdQBhAGMDJwBhAwMAbwAvAFAAcgBvAGoAZQB0AG8AIABPAHIAaQBlAG4AdABhAGQAbwAvAEEAcgB0AGkAZwBvAHMAIABwAGEAcgBhACAAUABlAHMAcQB1AGkAcwBhAC8AZwBlAG8AcgBlAGYAZQByAGUAbgBjAGUALgBwAGQAZtIXCxgZV05TLmRhdGFPEQIeAAAAAAIeAAIAAAxNYWNpbnRvc2ggSEQAAAAAAAAAAAAAAAAAAADMcdiPSCsAAAAMJc8QZ2VvcmVmZXJlbmNlLnBkZgAAAAAAAAAAAAAAAAAAAAAAAAAAAAAAAAAAAAAAAAAAAAAAAAAAAAAAAAAAAAAAAAwl3cqKLzQAAAAAAAAAAAACAAQAAAkgAAAAAAAAAAAAAAAAAAAAFUFydGlnb3MgcGFyYSBQZXNxdWlzYQAAEAAIAADMcgK/AAAAEQAIAADKillkAAAAAQAYAAwlzwAMJcwAC/GAAAM5XAADOU8AAJixAAIAdk1hY2ludG9zaCBIRDpVc2VyczoAbHVpemNvc3RhOgBEb2N1bWVudHM6AFVGTEEgLSBHcmFkdWGNi286AFByb2pldG8gT3JpZW50YWRvOgBBcnRpZ29zIHBhcmEgUGVzcXVpc2E6AGdlb3JlZmVyZW5jZS5wZGYADgAiABAAZwBlAG8AcgBlAGYAZQByAGUAbgBjAGUALgBwAGQAZgAPABoADABNAGEAYwBpAG4AdABvAHMAaAAgAEgARAASAGdVc2Vycy9sdWl6Y29zdGEvRG9jdW1lbnRzL1VGTEEgLSBHcmFkdWFjzKdhzINvL1Byb2pldG8gT3JpZW50YWRvL0FydGlnb3MgcGFyYSBQZXNxdWlzYS9nZW9yZWZlcmVuY2UucGRmAAATAAEvAAAVAAIAEP//AACABtIbHB0eWiRjbGFzc25hbWVYJGNsYXNzZXNdTlNNdXRhYmxlRGF0YaMdHyBWTlNEYXRhWE5TT2JqZWN00hscIiNcTlNEaWN0aW9uYXJ5oiIgXxAPTlNLZXllZEFyY2hpdmVy0SYnVHJvb3SAAQAIABEAGgAjAC0AMgA3AEAARgBNAFUAYABnAGoAbABuAHEAcwB1AHcAhACOATMBOAFAA2IDZANpA3QDfQOLA48DlgOfA6QDsQO0A8YDyQPOAAAAAAAAAgEAAAAAAAAAKAAAAAAAAAAAAAAAAAAAA9A=},
  Date-added               = {2013-05-22 09:25:31 +0000},
  Date-modified            = {2013-05-22 09:25:46 +0000}
}

@InProceedings{Jiang:2008,
  Title                    = {IEEE 802.11p: Towards an International Standard for Wireless Access in Vehicular Environments},
  Author                   = {Jiang, D. and Delgrossi, L.},
  Booktitle                = {Vehicular Technology Conference, 2008. VTC Spring 2008. IEEE},
  Year                     = {2008},
  Pages                    = {2036-2040},

  Bdsk-url-1               = {http://dx.doi.org/10.1109/VETECS.2008.458},
  Date-added               = {2013-05-24 16:44:28 +0000},
  Date-modified            = {2013-05-24 16:44:48 +0000},
  Keywords                 = {IEEE standards;automobiles;mobile radio;telecommunication standards;wireless LAN;IEEE 802.11 standard;IEEE 802.11 working group;IEEE 802.11p;international standard;moving vehicles;vehicular environments;vehicular safety communications;wireless access;wireless communication systems;Broadcasting;Communication standards;FCC;North America;Road safety;Road vehicles;Standardization;Standards development;Vehicle driving;Vehicle safety}
}

@Article{Kumar:2011,
  Title                    = {A Comparative Study of Various Routing Protocols in VANET},
  Author                   = {Rakesh Kumar and Mayank Dave},
  Journal                  = {CoRR},
  Year                     = {2011},
  Volume                   = {abs/1108.2094},

  Bdsk-file-1              = {YnBsaXN0MDDUAQIDBAUGJCVYJHZlcnNpb25YJG9iamVjdHNZJGFyY2hpdmVyVCR0b3ASAAGGoKgHCBMUFRYaIVUkbnVsbNMJCgsMDxJXTlMua2V5c1pOUy5vYmplY3RzViRjbGFzc6INDoACgAOiEBGABIAFgAdccmVsYXRpdmVQYXRoWWFsaWFzRGF0YW8QiQAuAC4ALwAuAC4ALwBVAEYATABBACAALQAgAEcAcgBhAGQAdQBhAGMDJwBhAwMAbwAvAFAAcgBvAGoAZQB0AG8AIABPAHIAaQBlAG4AdABhAGQAbwAvAEEAcgB0AGkAZwBvAHMAIABwAGEAcgBhACAAUABlAHMAcQB1AGkAcwBhAC8ASwB1AG0AYQByAF8AMgAwADEAMQAtAEEAIABDAG8AbQBwAGEAcgBhAHQAaQB2AGUAIABTAHQAdQBkAHkAIABvAGYAIABWAGEAcgBpAG8AdQBzACAAUgBvAHUAdABpAG4AZwAgAFAAcgBvAHQAbwBjAG8AbABzACAAaQBuACAAVgBBAE4ARQBUAC4AcABkAGbSFwsYGVdOUy5kYXRhTxEC1gAAAAAC1gACAAAMTWFjaW50b3NoIEhEAAAAAAAAAAAAAAAAAAAAzHHYj0grAAAADCXPH0t1bWFyXzIwMTEtQSBDb21wYXJhdCNDMjVERi5wZGYAAAAAAAAAAAAAAAAAAAAAAAAAAAAAAAAAAAAAAAAAAAAMJd/KiifiAAAAAAAAAAAAAgAEAAAJIAAAAAAAAAAAAAAAAAAAABVBcnRpZ29zIHBhcmEgUGVzcXVpc2EAABAACAAAzHICvwAAABEACAAAyopSEgAAAAEAGAAMJc8ADCXMAAvxgAADOVwAAzlPAACYsQACAIVNYWNpbnRvc2ggSEQ6VXNlcnM6AGx1aXpjb3N0YToARG9jdW1lbnRzOgBVRkxBIC0gR3JhZHVhjYtvOgBQcm9qZXRvIE9yaWVudGFkbzoAQXJ0aWdvcyBwYXJhIFBlc3F1aXNhOgBLdW1hcl8yMDExLUEgQ29tcGFyYXQjQzI1REYucGRmAAAOAJIASABLAHUAbQBhAHIAXwAyADAAMQAxAC0AQQAgAEMAbwBtAHAAYQByAGEAdABpAHYAZQAgAFMAdAB1AGQAeQAgAG8AZgAgAFYAYQByAGkAbwB1AHMAIABSAG8AdQB0AGkAbgBnACAAUAByAG8AdABvAGMAbwBsAHMAIABpAG4AIABWAEEATgBFAFQALgBwAGQAZgAPABoADABNAGEAYwBpAG4AdABvAHMAaAAgAEgARAASAJ9Vc2Vycy9sdWl6Y29zdGEvRG9jdW1lbnRzL1VGTEEgLSBHcmFkdWFjzKdhzINvL1Byb2pldG8gT3JpZW50YWRvL0FydGlnb3MgcGFyYSBQZXNxdWlzYS9LdW1hcl8yMDExLUEgQ29tcGFyYXRpdmUgU3R1ZHkgb2YgVmFyaW91cyBSb3V0aW5nIFByb3RvY29scyBpbiBWQU5FVC5wZGYAABMAAS8AABUAAgAQ//8AAIAG0hscHR5aJGNsYXNzbmFtZVgkY2xhc3Nlc11OU011dGFibGVEYXRhox0fIFZOU0RhdGFYTlNPYmplY3TSGxwiI1xOU0RpY3Rpb25hcnmiIiBfEA9OU0tleWVkQXJjaGl2ZXLRJidUcm9vdIABAAgAEQAaACMALQAyADcAQABGAE0AVQBgAGcAagBsAG4AcQBzAHUAdwCEAI4BowGoAbAEigSMBJEEnASlBLMEtwS+BMcEzATZBNwE7gTxBPYAAAAAAAACAQAAAAAAAAAoAAAAAAAAAAAAAAAAAAAE+A==},
  Date-added               = {2013-05-22 09:12:46 +0000},
  Date-modified            = {2013-05-22 09:13:04 +0000}
}

@InProceedings{Lessmann:2008,
  Title                    = {ShoX: An Easy to Use Simulation Platform for Wireless Networks},
  Author                   = {Lessmann, J. and Heimfarth, T. and Janacik, P.},
  Booktitle                = {Computer Modeling and Simulation, 2008. UKSIM 2008. Tenth International Conference on},
  Year                     = {2008},
  Pages                    = {410-415},

  Bdsk-url-1               = {http://dx.doi.org/10.1109/UKSIM.2008.32},
  Date-added               = {2013-05-20 02:05:48 +0000},
  Date-modified            = {2013-05-20 02:06:08 +0000},
  Keywords                 = {Communication networks;Costs;Graphical user interfaces;Java;Open systems;Telecommunication traffic;Traffic control;Wireless application protocol;Wireless networks;XML;network visualization;tools;wireless network simulator}
}

@InProceedings{Lidstrom:2010,
  Title                    = {A spatial QoS requirements specification for V2V applications},
  Author                   = {Lidstr{\"o}m, K. and Larsson, T.},
  Booktitle                = {Intelligent Vehicles Symposium (IV), 2010 IEEE},
  Year                     = {2010},
  Pages                    = {548-553},

  Bdsk-url-1               = {http://dx.doi.org/10.1109/IVS.2010.5548092},
  Date-added               = {2013-05-22 09:17:08 +0000},
  Date-modified            = {2013-05-22 09:17:38 +0000},
  Keywords                 = {mobile radio;quality of service;road safety;telecommunication links;vehicles;T-Window reliability;V2V application;VANET QoS requirement;communication QoS monitoring;cooperative safety application;hazardous traffic situation;road geometry;spatial QoS requirements specification;vehicle-to-vehicle wireless communication;vehicular ad-hoc network;wireless link;Ad hoc networks;Communication system control;Context;Degradation;Intelligent vehicles;Mobile communication;Monitoring;Telecommunication traffic;USA Councils;Vehicle safety}
}

@Article{Loulloudes:2010,
  Title                    = {The Dynamics of Vehicular Networks in Urban Environments},
  Author                   = {Nicholas Loulloudes and George Pallis and Marios D. Dikaiakos},
  Journal                  = {CoRR},
  Year                     = {2010},
  Volume                   = {abs/1007.4106},

  Bdsk-file-1              = {YnBsaXN0MDDUAQIDBAUGJCVYJHZlcnNpb25YJG9iamVjdHNZJGFyY2hpdmVyVCR0b3ASAAGGoKgHCBMUFRYaIVUkbnVsbNMJCgsMDxJXTlMua2V5c1pOUy5vYmplY3RzViRjbGFzc6INDoACgAOiEBGABIAFgAdccmVsYXRpdmVQYXRoWWFsaWFzRGF0YW8QVAAuAC4ALwAuAC4ALwBVAEYATABBACAALQAgAEcAcgBhAGQAdQBhAGMDJwBhAwMAbwAvAFAAcgBvAGoAZQB0AG8AIABPAHIAaQBlAG4AdABhAGQAbwAvAEEAcgB0AGkAZwBvAHMAIABwAGEAcgBhACAAUABlAHMAcQB1AGkAcwBhAC8AQQBtAGIAaQBlAG4AdABlAF8AVgBhAG4AZQB0AHMALgBwAGQAZtIXCxgZV05TLmRhdGFPEQIqAAAAAAIqAAIAAAxNYWNpbnRvc2ggSEQAAAAAAAAAAAAAAAAAAADMcdiPSCsAAAAMJc8TQW1iaWVudGVfVmFuZXRzLnBkZgAAAAAAAAAAAAAAAAAAAAAAAAAAAAAAAAAAAAAAAAAAAAAAAAAAAAAAAAAAAAwl18qKKOQAAAAAAAAAAAACAAQAAAkgAAAAAAAAAAAAAAAAAAAAFUFydGlnb3MgcGFyYSBQZXNxdWlzYQAAEAAIAADMcgK/AAAAEQAIAADKilMUAAAAAQAYAAwlzwAMJcwAC/GAAAM5XAADOU8AAJixAAIAeU1hY2ludG9zaCBIRDpVc2VyczoAbHVpemNvc3RhOgBEb2N1bWVudHM6AFVGTEEgLSBHcmFkdWGNi286AFByb2pldG8gT3JpZW50YWRvOgBBcnRpZ29zIHBhcmEgUGVzcXVpc2E6AEFtYmllbnRlX1ZhbmV0cy5wZGYAAA4AKAATAEEAbQBiAGkAZQBuAHQAZQBfAFYAYQBuAGUAdABzAC4AcABkAGYADwAaAAwATQBhAGMAaQBuAHQAbwBzAGgAIABIAEQAEgBqVXNlcnMvbHVpemNvc3RhL0RvY3VtZW50cy9VRkxBIC0gR3JhZHVhY8ynYcyDby9Qcm9qZXRvIE9yaWVudGFkby9BcnRpZ29zIHBhcmEgUGVzcXVpc2EvQW1iaWVudGVfVmFuZXRzLnBkZgATAAEvAAAVAAIAEP//AACABtIbHB0eWiRjbGFzc25hbWVYJGNsYXNzZXNdTlNNdXRhYmxlRGF0YaMdHyBWTlNEYXRhWE5TT2JqZWN00hscIiNcTlNEaWN0aW9uYXJ5oiIgXxAPTlNLZXllZEFyY2hpdmVy0SYnVHJvb3SAAQAIABEAGgAjAC0AMgA3AEAARgBNAFUAYABnAGoAbABuAHEAcwB1AHcAhACOATkBPgFGA3QDdgN7A4YDjwOdA6EDqAOxA7YDwwPGA9gD2wPgAAAAAAAAAgEAAAAAAAAAKAAAAAAAAAAAAAAAAAAAA+I=},
  Date-added               = {2013-05-22 09:11:36 +0000},
  Date-modified            = {2013-05-22 09:11:58 +0000}
}

@Article{Niazi:2009,
  Title                    = {Agent-based tools for modeling and simulation of self-organization in peer-to-peer, ad hoc, and other complex networks},
  Author                   = {Niazi, M. and Hussain, A.},
  Journal                  = {Communications Magazine, IEEE},
  Year                     = {2009},

  Month                    = {march},
  Number                   = {3},
  Pages                    = {166 -173},
  Volume                   = {47},

  Abstract                 = {Agent-based modeling and simulation tools provide a mature platform for development of complex simulations. They however, have not been applied much in the domain of mainstream modeling and simulation of computer networks. In this article, we evaluate how and if these tools can offer any value-addition in the modeling amp; simulation of complex networks such as pervasive computing, large-scale peer-to-peer systems, and networks involving considerable environment and human/animal/habitat interaction. Specifically, we demonstrate the effectiveness of NetLogo - a tool that has been widely used in the area of agent-based social simulation.},
  Bdsk-file-1              = {YnBsaXN0MDDUAQIDBAUGJCVYJHZlcnNpb25YJG9iamVjdHNZJGFyY2hpdmVyVCR0b3ASAAGGoKgHCBMUFRYaIVUkbnVsbNMJCgsMDxJXTlMua2V5c1pOUy5vYmplY3RzViRjbGFzc6INDoACgAOiEBGABIAFgAdccmVsYXRpdmVQYXRoWWFsaWFzRGF0YW8QUQAuAC4ALwAuAC4ALwBVAEYATABBACAALQAgAEcAcgBhAGQAdQBhAGMDJwBhAwMAbwAvAFAAcgBvAGoAZQB0AG8AIABPAHIAaQBlAG4AdABhAGQAbwAvAEEAcgB0AGkAZwBvAHMAIABwAGEAcgBhACAAUABlAHMAcQB1AGkAcwBhAC8AbgBpAGEAegBpAEMAbwBtAG0AbQBhAGcALgBwAGQAZtIXCxgZV05TLmRhdGFPEQIeAAAAAAIeAAIAAAxNYWNpbnRvc2ggSEQAAAAAAAAAAAAAAAAAAADMcdiPSCsAAAAMJc8QbmlhemlDb21tbWFnLnBkZgAAAAAAAAAAAAAAAAAAAAAAAAAAAAAAAAAAAAAAAAAAAAAAAAAAAAAAAAAAAAAAAAwl4srpiZQAAAAAAAAAAAACAAQAAAkgAAAAAAAAAAAAAAAAAAAAFUFydGlnb3MgcGFyYSBQZXNxdWlzYQAAEAAIAADMcgK/AAAAEQAIAADK6aW0AAAAAQAYAAwlzwAMJcwAC/GAAAM5XAADOU8AAJixAAIAdk1hY2ludG9zaCBIRDpVc2VyczoAbHVpemNvc3RhOgBEb2N1bWVudHM6AFVGTEEgLSBHcmFkdWGNi286AFByb2pldG8gT3JpZW50YWRvOgBBcnRpZ29zIHBhcmEgUGVzcXVpc2E6AG5pYXppQ29tbW1hZy5wZGYADgAiABAAbgBpAGEAegBpAEMAbwBtAG0AbQBhAGcALgBwAGQAZgAPABoADABNAGEAYwBpAG4AdABvAHMAaAAgAEgARAASAGdVc2Vycy9sdWl6Y29zdGEvRG9jdW1lbnRzL1VGTEEgLSBHcmFkdWFjzKdhzINvL1Byb2pldG8gT3JpZW50YWRvL0FydGlnb3MgcGFyYSBQZXNxdWlzYS9uaWF6aUNvbW1tYWcucGRmAAATAAEvAAAVAAIAEP//AACABtIbHB0eWiRjbGFzc25hbWVYJGNsYXNzZXNdTlNNdXRhYmxlRGF0YaMdHyBWTlNEYXRhWE5TT2JqZWN00hscIiNcTlNEaWN0aW9uYXJ5oiIgXxAPTlNLZXllZEFyY2hpdmVy0SYnVHJvb3SAAQAIABEAGgAjAC0AMgA3AEAARgBNAFUAYABnAGoAbABuAHEAcwB1AHcAhACOATMBOAFAA2IDZANpA3QDfQOLA48DlgOfA6QDsQO0A8YDyQPOAAAAAAAAAgEAAAAAAAAAKAAAAAAAAAAAAAAAAAAAA9A=},
  Date-added               = {2013-05-22 08:45:29 +0000},
  Date-modified            = {2013-05-22 08:45:56 +0000},
  Keywords                 = {NetLogo;ad hoc network;agent-based social simulation;large-scale peer-to-peer system;pervasive computing;ad hoc networks;digital simulation;peer-to-peer computing;telecommunication computing;}
}

@InProceedings{Nichols:2007,
  Title                    = {Performance of DTN-Based Free-Space Optical Networks with Mobility},
  Author                   = {Nichols, Robert A. and Hammons, A. Roger},
  Booktitle                = {Military Communications Conference, 2007. MILCOM 2007. IEEE},
  Year                     = {2007},
  Month                    = {oct.},
  Pages                    = {1 -6},

  Abstract                 = {Free-space optical communications (FSOC) has the potential to offer significant capacity advantages for future military communication networks. Due to link fragility, it is likely that FSOC networks will suffer from intermittent connectivity. Delay Tolerant Networking (DTN) has been proposed as a potential solution for this technical challenge as it is designed to offer a solution for routing in a network which is not always connected. This paper examines DTN-based FSOC networks in a variety of mobility models and examines the performance of the network.},
  Bdsk-file-1              = {YnBsaXN0MDDUAQIDBAUGJCVYJHZlcnNpb25YJG9iamVjdHNZJGFyY2hpdmVyVCR0b3ASAAGGoKgHCBMUFRYaIVUkbnVsbNMJCgsMDxJXTlMua2V5c1pOUy5vYmplY3RzViRjbGFzc6INDoACgAOiEBGABIAFgAdccmVsYXRpdmVQYXRoWWFsaWFzRGF0YW8QVAAuAC4ALwAuAC4ALwBVAEYATABBACAALQAgAEcAcgBhAGQAdQBhAGMDJwBhAwMAbwAvAFAAcgBvAGoAZQB0AG8AIABPAHIAaQBlAG4AdABhAGQAbwAvAEEAcgB0AGkAZwBvAHMAIABwAGEAcgBhACAAUABlAHMAcQB1AGkAcwBhAC8AMQAwAC4AMQAuADEALgAxADUANwAuADMAMAAxADQALgBwAGQAZtIXCxgZV05TLmRhdGFPEQIqAAAAAAIqAAIAAAxNYWNpbnRvc2ggSEQAAAAAAAAAAAAAAAAAAADMcdiPSCsAAAAMJc8TMTAuMS4xLjE1Ny4zMDE0LnBkZgAAAAAAAAAAAAAAAAAAAAAAAAAAAAAAAAAAAAAAAAAAAAAAAAAAAAAAAAAAAAwl0crqHpYAAAAAAAAAAAACAAQAAAkgAAAAAAAAAAAAAAAAAAAAFUFydGlnb3MgcGFyYSBQZXNxdWlzYQAAEAAIAADMcgK/AAAAEQAIAADK6jq2AAAAAQAYAAwlzwAMJcwAC/GAAAM5XAADOU8AAJixAAIAeU1hY2ludG9zaCBIRDpVc2VyczoAbHVpemNvc3RhOgBEb2N1bWVudHM6AFVGTEEgLSBHcmFkdWGNi286AFByb2pldG8gT3JpZW50YWRvOgBBcnRpZ29zIHBhcmEgUGVzcXVpc2E6ADEwLjEuMS4xNTcuMzAxNC5wZGYAAA4AKAATADEAMAAuADEALgAxAC4AMQA1ADcALgAzADAAMQA0AC4AcABkAGYADwAaAAwATQBhAGMAaQBuAHQAbwBzAGgAIABIAEQAEgBqVXNlcnMvbHVpemNvc3RhL0RvY3VtZW50cy9VRkxBIC0gR3JhZHVhY8ynYcyDby9Qcm9qZXRvIE9yaWVudGFkby9BcnRpZ29zIHBhcmEgUGVzcXVpc2EvMTAuMS4xLjE1Ny4zMDE0LnBkZgATAAEvAAAVAAIAEP//AACABtIbHB0eWiRjbGFzc25hbWVYJGNsYXNzZXNdTlNNdXRhYmxlRGF0YaMdHyBWTlNEYXRhWE5TT2JqZWN00hscIiNcTlNEaWN0aW9uYXJ5oiIgXxAPTlNLZXllZEFyY2hpdmVy0SYnVHJvb3SAAQAIABEAGgAjAC0AMgA3AEAARgBNAFUAYABnAGoAbABuAHEAcwB1AHcAhACOATkBPgFGA3QDdgN7A4YDjwOdA6EDqAOxA7YDwwPGA9gD2wPgAAAAAAAAAgEAAAAAAAAAKAAAAAAAAAAAAAAAAAAAA+I=},
  Date-added               = {2013-05-22 08:51:15 +0000},
  Date-modified            = {2013-05-22 08:51:37 +0000}
}

@Article{Niculescu:2003,
  Title                    = {Localized positioning in ad hoc networks},
  Author                   = {Drago{\c s} Niculescu and Badri Nath},
  Journal                  = {Ad Hoc Networks},
  Year                     = {2003},
  Number                   = {2--3},
  Pages                    = {247 - 259},
  Volume                   = {1},

  Abstract                 = {Position centric approaches, such as Cartesian routing, geographic routing, and the recently proposed trajectory based forwarding, address scalability issues in large ad hoc networks by using Euclidean space as a complementary name space. These approaches require that nodes know their position in a common coordinate system. While a GPS receiver in each node would be ideal, in many cases an approximation algorithm is necessary for networks with only a few GPS enabled nodes. These algorithms however require collaboration of large portions of the network, thus imposing an overhead for nodes which do not need positioning, or are mobile. We propose local positioning system, a method that makes use of local node capabilities----angle of arrival, range estimations, compasses and accelerometers, in order to internally position only the groups of nodes involved in particular conversations. Localized positioning enables position centric uses, like discovery, flooding and routing in networks where global positioning is not available.},
  Bdsk-file-1              = {YnBsaXN0MDDUAQIDBAUGJCVYJHZlcnNpb25YJG9iamVjdHNZJGFyY2hpdmVyVCR0b3ASAAGGoKgHCBMUFRYaIVUkbnVsbNMJCgsMDxJXTlMua2V5c1pOUy5vYmplY3RzViRjbGFzc6INDoACgAOiEBGABIAFgAdccmVsYXRpdmVQYXRoWWFsaWFzRGF0YW8QUwAuAC4ALwAuAC4ALwBVAEYATABBACAALQAgAEcAcgBhAGQAdQBhAGMDJwBhAwMAbwAvAFAAcgBvAGoAZQB0AG8AIABPAHIAaQBlAG4AdABhAGQAbwAvAEEAcgB0AGkAZwBvAHMAIABwAGEAcgBhACAAUABlAHMAcQB1AGkAcwBhAC8AMQAwAC4AMQAuADEALgA5ADQALgA5ADgANgA4AC4AcABkAGbSFwsYGVdOUy5kYXRhTxECJgAAAAACJgACAAAMTWFjaW50b3NoIEhEAAAAAAAAAAAAAAAAAAAAzHHYj0grAAAADCXPEjEwLjEuMS45NC45ODY4LnBkZgAAAAAAAAAAAAAAAAAAAAAAAAAAAAAAAAAAAAAAAAAAAAAAAAAAAAAAAAAAAAAMJdLK6YZCAAAAAAAAAAAAAgAEAAAJIAAAAAAAAAAAAAAAAAAAABVBcnRpZ29zIHBhcmEgUGVzcXVpc2EAABAACAAAzHICvwAAABEACAAAyumiYgAAAAEAGAAMJc8ADCXMAAvxgAADOVwAAzlPAACYsQACAHhNYWNpbnRvc2ggSEQ6VXNlcnM6AGx1aXpjb3N0YToARG9jdW1lbnRzOgBVRkxBIC0gR3JhZHVhjYtvOgBQcm9qZXRvIE9yaWVudGFkbzoAQXJ0aWdvcyBwYXJhIFBlc3F1aXNhOgAxMC4xLjEuOTQuOTg2OC5wZGYADgAmABIAMQAwAC4AMQAuADEALgA5ADQALgA5ADgANgA4AC4AcABkAGYADwAaAAwATQBhAGMAaQBuAHQAbwBzAGgAIABIAEQAEgBpVXNlcnMvbHVpemNvc3RhL0RvY3VtZW50cy9VRkxBIC0gR3JhZHVhY8ynYcyDby9Qcm9qZXRvIE9yaWVudGFkby9BcnRpZ29zIHBhcmEgUGVzcXVpc2EvMTAuMS4xLjk0Ljk4NjgucGRmAAATAAEvAAAVAAIAEP//AACABtIbHB0eWiRjbGFzc25hbWVYJGNsYXNzZXNdTlNNdXRhYmxlRGF0YaMdHyBWTlNEYXRhWE5TT2JqZWN00hscIiNcTlNEaWN0aW9uYXJ5oiIgXxAPTlNLZXllZEFyY2hpdmVy0SYnVHJvb3SAAQAIABEAGgAjAC0AMgA3AEAARgBNAFUAYABnAGoAbABuAHEAcwB1AHcAhACOATcBPAFEA24DcAN1A4ADiQOXA5sDogOrA7ADvQPAA9ID1QPaAAAAAAAAAgEAAAAAAAAAKAAAAAAAAAAAAAAAAAAAA9w=},
  Date-added               = {2013-05-22 08:49:02 +0000},
  Date-modified            = {2013-05-22 08:49:32 +0000},
  Keywords                 = {Trajectory based forwarding}
}

@Book{oms:2013,
  Title                    = {Global status report on road safety},
  Author                   = {OMS},
  Publisher                = {World Health Organization},
  Year                     = {2013},

  Date-added               = {2013-05-20 00:32:38 +0000},
  Date-modified            = {2013-05-20 00:42:56 +0000},
  Institution              = {World Health Organization}
}

@InProceedings{Piorkowski:2009,
  Title                    = {A parsimonious model of mobile partitioned networks with clustering},
  Author                   = {Piorkowski, M. and Sarafijanovic-Djukic, N. and Grossglauser, M.},
  Booktitle                = {Communication Systems and Networks and Workshops, 2009. COMSNETS 2009. First International},
  Year                     = {2009},
  Month                    = {jan.},
  Pages                    = {1 -10},

  Abstract                 = {Mobile wireless networks frequently possess, at the same time, both dense and sparse regions of connectivity; for example, due to a heterogeneous node distribution or radio propagation environment. This paper is about modeling both the mobility and the formation of clusters in such networks, where nodes are concentrated in clusters of dense connectivity, interspersed with sparse connectivity. Uniformly dense and sparse networks have been extensively studied in the past, but not much attention has been devoted to clustered networks. We present a new mobility model for clustered networks, which is important for the design and evaluation of routing protocols. We refer to our model as Heterogeneous Random Walk (HRW). This model is simple, mathematically tractable, and it captures the phenomenon of emerging clusters, observed in real partitioned networks. We provide a closed-form expression for the stationary distribution of node position and we give a method for "perfect simulation". Moreover, we provide evidence, based on mobility traces, for the main macroscopic characteristics of clustered networks captured by the proposed mobility model. In particular, we show that in some scenarios, nodes have statistically very similar mobility patterns. Also, we discuss cluster dynamics and the relationship between node speed and node density.},
  Bdsk-url-1               = {http://dx.doi.org/10.1109/COMSNETS.2009.4808865},
  Date-added               = {2013-05-22 09:09:25 +0000},
  Date-modified            = {2013-05-22 09:09:42 +0000},
  Keywords                 = {MANET;dense network connectivity;heterogeneous random walk mobility model;mobile adhoc network;mobile network cluster formation;mobile partitioned network;mobile wireless network;parsimonious model;routing protocol;sparse network connectivity;ad hoc networks;mobile radio;routing protocols;}
}

@Article{Piran:2011,
  Title                    = {Vehicular Ad Hoc and Sensor Networks; Principles and Challenges},
  Author                   = {Mohammad Jalil Piran and Garimella Rama Murthy and G. Praveen Babu},
  Journal                  = {CoRR},
  Year                     = {2011},
  Volume                   = {abs/1108.2776},

  Bdsk-file-1              = {YnBsaXN0MDDUAQIDBAUGJCVYJHZlcnNpb25YJG9iamVjdHNZJGFyY2hpdmVyVCR0b3ASAAGGoKgHCBMUFRYaIVUkbnVsbNMJCgsMDxJXTlMua2V5c1pOUy5vYmplY3RzViRjbGFzc6INDoACgAOiEBGABIAFgAdccmVsYXRpdmVQYXRoWWFsaWFzRGF0YW8QkAAuAC4ALwAuAC4ALwBVAEYATABBACAALQAgAEcAcgBhAGQAdQBhAGMDJwBhAwMAbwAvAFAAcgBvAGoAZQB0AG8AIABPAHIAaQBlAG4AdABhAGQAbwAvAEEAcgB0AGkAZwBvAHMAIABwAGEAcgBhACAAUABlAHMAcQB1AGkAcwBhAC8AUABpAHIAYQBuAF8AMgAwADEAMQAtAFYAZQBoAGkAYwB1AGwAYQByACAAQQBkACAASABvAGMAIABhAG4AZAAgAFMAZQBuAHMAbwByACAATgBlAHQAdwBvAHIAawBzADsAIABQAHIAaQBuAGMAaQBwAGwAZQBzACAAYQBuAGQAIABDAGgAYQBuAGwAbABlAG4AZwBlAHMALgBwAGQAZtIXCxgZV05TLmRhdGFPEQLqAAAAAALqAAIAAAxNYWNpbnRvc2ggSEQAAAAAAAAAAAAAAAAAAADMcdiPSCsAAAAMJc8fUGlyYW5fMjAxMS1WZWhpY3VsYXIgI0MyNUU1LnBkZgAAAAAAAAAAAAAAAAAAAAAAAAAAAAAAAAAAAAAAAAAAAAwl5cqKJcoAAAAAAAAAAAACAAQAAAkgAAAAAAAAAAAAAAAAAAAAFUFydGlnb3MgcGFyYSBQZXNxdWlzYQAAEAAIAADMcgK/AAAAEQAIAADKik/6AAAAAQAYAAwlzwAMJcwAC/GAAAM5XAADOU8AAJixAAIAhU1hY2ludG9zaCBIRDpVc2VyczoAbHVpemNvc3RhOgBEb2N1bWVudHM6AFVGTEEgLSBHcmFkdWGNi286AFByb2pldG8gT3JpZW50YWRvOgBBcnRpZ29zIHBhcmEgUGVzcXVpc2E6AFBpcmFuXzIwMTEtVmVoaWN1bGFyICNDMjVFNS5wZGYAAA4AoABPAFAAaQByAGEAbgBfADIAMAAxADEALQBWAGUAaABpAGMAdQBsAGEAcgAgAEEAZAAgAEgAbwBjACAAYQBuAGQAIABTAGUAbgBzAG8AcgAgAE4AZQB0AHcAbwByAGsAcwA7ACAAUAByAGkAbgBjAGkAcABsAGUAcwAgAGEAbgBkACAAQwBoAGEAbgBsAGwAZQBuAGcAZQBzAC4AcABkAGYADwAaAAwATQBhAGMAaQBuAHQAbwBzAGgAIABIAEQAEgCmVXNlcnMvbHVpemNvc3RhL0RvY3VtZW50cy9VRkxBIC0gR3JhZHVhY8ynYcyDby9Qcm9qZXRvIE9yaWVudGFkby9BcnRpZ29zIHBhcmEgUGVzcXVpc2EvUGlyYW5fMjAxMS1WZWhpY3VsYXIgQWQgSG9jIGFuZCBTZW5zb3IgTmV0d29ya3M7IFByaW5jaXBsZXMgYW5kIENoYW5sbGVuZ2VzLnBkZgATAAEvAAAVAAIAEP//AACABtIbHB0eWiRjbGFzc25hbWVYJGNsYXNzZXNdTlNNdXRhYmxlRGF0YaMdHyBWTlNEYXRhWE5TT2JqZWN00hscIiNcTlNEaWN0aW9uYXJ5oiIgXxAPTlNLZXllZEFyY2hpdmVy0SYnVHJvb3SAAQAIABEAGgAjAC0AMgA3AEAARgBNAFUAYABnAGoAbABuAHEAcwB1AHcAhACOAbEBtgG+BKwErgSzBL4ExwTVBNkE4ATpBO4E+wT+BRAFEwUYAAAAAAAAAgEAAAAAAAAAKAAAAAAAAAAAAAAAAAAABRo=},
  Date-added               = {2013-05-22 09:14:16 +0000},
  Date-modified            = {2013-05-22 09:14:34 +0000}
}

@InProceedings{Rezende:2008,
  Title                    = {Publish/subscribe architecture for mobile ad hoc networks},
  Author                   = {Rezende, Cristiano G. and Rocha, Bruno P. S. and Loureiro, Ant\^{e}onio A. F.},
  Booktitle                = {Proceedings of the 2008 ACM symposium on Applied computing},
  Year                     = {2008},

  Address                  = {New York, NY, USA},
  Pages                    = {1913--1917},
  Publisher                = {ACM},
  Series                   = {SAC '08},

  Bdsk-file-1              = {YnBsaXN0MDDUAQIDBAUGJCVYJHZlcnNpb25YJG9iamVjdHNZJGFyY2hpdmVyVCR0b3ASAAGGoKgHCBMUFRYaIVUkbnVsbNMJCgsMDxJXTlMua2V5c1pOUy5vYmplY3RzViRjbGFzc6INDoACgAOiEBGABIAFgAdccmVsYXRpdmVQYXRoWWFsaWFzRGF0YW8QUgAuAC4ALwAuAC4ALwBVAEYATABBACAALQAgAEcAcgBhAGQAdQBhAGMDJwBhAwMAbwAvAFAAcgBvAGoAZQB0AG8AIABPAHIAaQBlAG4AdABhAGQAbwAvAEEAcgB0AGkAZwBvAHMAIABwAGEAcgBhACAAUABlAHMAcQB1AGkAcwBhAC8AcAAxADkAMQAzAC0AcgBlAHoAZQBuAGQAZQAuAHAAZABm0hcLGBlXTlMuZGF0YU8RAiIAAAAAAiIAAgAADE1hY2ludG9zaCBIRAAAAAAAAAAAAAAAAAAAAMxx2I9IKwAAAAwlzxFwMTkxMy1yZXplbmRlLnBkZgAAAAAAAAAAAAAAAAAAAAAAAAAAAAAAAAAAAAAAAAAAAAAAAAAAAAAAAAAAAAAADCXjytm5DgAAAAAAAAAAAAIABAAACSAAAAAAAAAAAAAAAAAAAAAVQXJ0aWdvcyBwYXJhIFBlc3F1aXNhAAAQAAgAAMxyAr8AAAARAAgAAMrZ1S4AAAABABgADCXPAAwlzAAL8YAAAzlcAAM5TwAAmLEAAgB3TWFjaW50b3NoIEhEOlVzZXJzOgBsdWl6Y29zdGE6AERvY3VtZW50czoAVUZMQSAtIEdyYWR1YY2LbzoAUHJvamV0byBPcmllbnRhZG86AEFydGlnb3MgcGFyYSBQZXNxdWlzYToAcDE5MTMtcmV6ZW5kZS5wZGYAAA4AJAARAHAAMQA5ADEAMwAtAHIAZQB6AGUAbgBkAGUALgBwAGQAZgAPABoADABNAGEAYwBpAG4AdABvAHMAaAAgAEgARAASAGhVc2Vycy9sdWl6Y29zdGEvRG9jdW1lbnRzL1VGTEEgLSBHcmFkdWFjzKdhzINvL1Byb2pldG8gT3JpZW50YWRvL0FydGlnb3MgcGFyYSBQZXNxdWlzYS9wMTkxMy1yZXplbmRlLnBkZgATAAEvAAAVAAIAEP//AACABtIbHB0eWiRjbGFzc25hbWVYJGNsYXNzZXNdTlNNdXRhYmxlRGF0YaMdHyBWTlNEYXRhWE5TT2JqZWN00hscIiNcTlNEaWN0aW9uYXJ5oiIgXxAPTlNLZXllZEFyY2hpdmVy0SYnVHJvb3SAAQAIABEAGgAjAC0AMgA3AEAARgBNAFUAYABnAGoAbABuAHEAcwB1AHcAhACOATUBOgFCA2gDagNvA3oDgwORA5UDnAOlA6oDtwO6A8wDzwPUAAAAAAAAAgEAAAAAAAAAKAAAAAAAAAAAAAAAAAAAA9Y=},
  Date-added               = {2013-05-22 08:47:04 +0000},
  Date-modified            = {2013-05-22 08:47:42 +0000},
  Keywords                 = {MANETs, distributed algorithms, mobile computing, publish/subscribe},
  Location                 = {Fortaleza, Ceara, Brazil},
  Numpages                 = {5}
}

@MastersThesis{santanaMestrado:2014,
  Title                    = {Sistema de Deteccao de Colisao entre Veiculos Utilizando GPS e Zigbee},
  Author                   = {Antonio Rafael Santana},
  School                   = {Universidade Federal de Lavras},
  Year                     = {2014},

  Owner                    = {GT4W_1},
  Timestamp                = {2015.01.07}
}

@Article{Shehory:1998,
  Title                    = {Agent cloning: An approach to agent mobility and resource allocation},
  Author                   = {Onn Shehory and Katia Sycara and Prasad Chalasani and Somesh Jha},
  Journal                  = {IEEE Communications},
  Year                     = {1998},

  Date-added               = {2013-05-22 09:19:30 +0000},
  Date-modified            = {2013-05-22 09:20:00 +0000}
}

@Article{Shu:2010,
  Title                    = {TPGF: geographic routing in wireless multimedia sensor networks},
  Author                   = {Shu, Lei and Zhang, Yan and Yang, Laurence and Wang, Yu and Hauswirth, Manfred and Xiong, Naixue},
  Journal                  = {Telecommunication Systems},
  Year                     = {2010},
  Pages                    = {79-95},
  Volume                   = {44},

  Abstract                 = {In this paper, we propose an efficient Two-Phase geographic Greedy Forwarding (TPGF) routing algorithm for WMSNs. TPGF takes into account both the requirements of real time multimedia transmission and the realistic characteristics of WMSNs. It finds one shortest (near-shortest) path per execution and can be executed repeatedly to find more on-demand shortest (near-shortest) node-disjoint routing paths. TPGF supports three features: (1) hole-bypassing, (2) the shortest path transmission, and (3) multipath transmission, at the same time. TPGF is a pure geographic greedy forwarding routing algorithm, which does not include the face routing, e.g., right/left hand rules , and does not use planarization algorithms, e.g., GG or RNG. This point allows more links to be available for TPGF to explore more routing paths, and enables TPGF to be different from many existing geographic routing algorithms. Both theoretical analysis and simulation comparison in this paper indicate that TPGF is highly suitable for multimedia transmission in WMSNs.},
  Affiliation              = {National University of Ireland Digital Enterprise Research Institute Galway Ireland},
  Bdsk-file-1              = {YnBsaXN0MDDUAQIDBAUGJCVYJHZlcnNpb25YJG9iamVjdHNZJGFyY2hpdmVyVCR0b3ASAAGGoKgHCBMUFRYaIVUkbnVsbNMJCgsMDxJXTlMua2V5c1pOUy5vYmplY3RzViRjbGFzc6INDoACgAOiEBGABIAFgAdccmVsYXRpdmVQYXRoWWFsaWFzRGF0YW8QWgAuAC4ALwAuAC4ALwBVAEYATABBACAALQAgAEcAcgBhAGQAdQBhAGMDJwBhAwMAbwAvAFAAcgBvAGoAZQB0AG8AIABPAHIAaQBlAG4AdABhAGQAbwAvAEEAcgB0AGkAZwBvAHMAIABwAGEAcgBhACAAUABlAHMAcQB1AGkAcwBhAC8AZwBlAG8AZwByAGEAZgBpAGMAcgBvAHUAdABpAG4AUwB1AHIAdgBlAHkALgBwAGQAZtIXCxgZV05TLmRhdGFPEQJCAAAAAAJCAAIAAAxNYWNpbnRvc2ggSEQAAAAAAAAAAAAAAAAAAADMcdiPSCsAAAAMJc8ZZ2VvZ3JhZmljcm91dGluU3VydmV5LnBkZgAAAAAAAAAAAAAAAAAAAAAAAAAAAAAAAAAAAAAAAAAAAAAAAAAAAAwl3MrZscAAAAAAAAAAAAACAAQAAAkgAAAAAAAAAAAAAAAAAAAAFUFydGlnb3MgcGFyYSBQZXNxdWlzYQAAEAAIAADMcgK/AAAAEQAIAADK2c3gAAAAAQAYAAwlzwAMJcwAC/GAAAM5XAADOU8AAJixAAIAf01hY2ludG9zaCBIRDpVc2VyczoAbHVpemNvc3RhOgBEb2N1bWVudHM6AFVGTEEgLSBHcmFkdWGNi286AFByb2pldG8gT3JpZW50YWRvOgBBcnRpZ29zIHBhcmEgUGVzcXVpc2E6AGdlb2dyYWZpY3JvdXRpblN1cnZleS5wZGYAAA4ANAAZAGcAZQBvAGcAcgBhAGYAaQBjAHIAbwB1AHQAaQBuAFMAdQByAHYAZQB5AC4AcABkAGYADwAaAAwATQBhAGMAaQBuAHQAbwBzAGgAIABIAEQAEgBwVXNlcnMvbHVpemNvc3RhL0RvY3VtZW50cy9VRkxBIC0gR3JhZHVhY8ynYcyDby9Qcm9qZXRvIE9yaWVudGFkby9BcnRpZ29zIHBhcmEgUGVzcXVpc2EvZ2VvZ3JhZmljcm91dGluU3VydmV5LnBkZgATAAEvAAAVAAIAEP//AACABtIbHB0eWiRjbGFzc25hbWVYJGNsYXNzZXNdTlNNdXRhYmxlRGF0YaMdHyBWTlNEYXRhWE5TT2JqZWN00hscIiNcTlNEaWN0aW9uYXJ5oiIgXxAPTlNLZXllZEFyY2hpdmVy0SYnVHJvb3SAAQAIABEAGgAjAC0AMgA3AEAARgBNAFUAYABnAGoAbABuAHEAcwB1AHcAhACOAUUBSgFSA5gDmgOfA6oDswPBA8UDzAPVA9oD5wPqA/wD/wQEAAAAAAAAAgEAAAAAAAAAKAAAAAAAAAAAAAAAAAAABAY=},
  Date-added               = {2013-05-22 09:24:23 +0000},
  Date-modified            = {2013-05-22 09:24:49 +0000},
  ISSN                     = {1018-4864},
  Issue                    = {1},
  Keyword                  = {Business and Economics},
  Publisher                = {Springer Netherlands}
}

@Article{Spyropoulos:2010,
  Title                    = {Routing for disruption tolerant networks: taxonomy and design},
  Author                   = {Spyropoulos, Thrasyvoulos and Rais, Rao Naveed and Turletti, Thierry and Obraczka, Katia and Vasilakos, Athanasios},
  Journal                  = {Wirel. Netw.},
  Year                     = {2010},

  Month                    = nov,
  Number                   = {8},
  Pages                    = {2349--2370},
  Volume                   = {16},

  Address                  = {Hingham, MA, USA},
  Bdsk-file-1              = {YnBsaXN0MDDUAQIDBAUGJCVYJHZlcnNpb25YJG9iamVjdHNZJGFyY2hpdmVyVCR0b3ASAAGGoKgHCBMUFRYaIVUkbnVsbNMJCgsMDxJXTlMua2V5c1pOUy5vYmplY3RzViRjbGFzc6INDoACgAOiEBGABIAFgAdccmVsYXRpdmVQYXRoWWFsaWFzRGF0YW8QSAAuAC4ALwAuAC4ALwBVAEYATABBACAALQAgAEcAcgBhAGQAdQBhAGMDJwBhAwMAbwAvAFAAcgBvAGoAZQB0AG8AIABPAHIAaQBlAG4AdABhAGQAbwAvAEEAcgB0AGkAZwBvAHMAIABwAGEAcgBhACAAUABlAHMAcQB1AGkAcwBhAC8ARABUAE4ALgBwAGQAZtIXCxgZV05TLmRhdGFPEQH6AAAAAAH6AAIAAAxNYWNpbnRvc2ggSEQAAAAAAAAAAAAAAAAAAADMcdiPSCsAAAAMJc8HRFROLnBkZgAAAAAAAAAAAAAAAAAAAAAAAAAAAAAAAAAAAAAAAAAAAAAAAAAAAAAAAAAAAAAAAAAAAAAAAAAAAAwl2srOIBQAAAAAAAAAAAACAAQAAAkgAAAAAAAAAAAAAAAAAAAAFUFydGlnb3MgcGFyYSBQZXNxdWlzYQAAEAAIAADMcgK/AAAAEQAIAADKzjw0AAAAAQAYAAwlzwAMJcwAC/GAAAM5XAADOU8AAJixAAIAbU1hY2ludG9zaCBIRDpVc2VyczoAbHVpemNvc3RhOgBEb2N1bWVudHM6AFVGTEEgLSBHcmFkdWGNi286AFByb2pldG8gT3JpZW50YWRvOgBBcnRpZ29zIHBhcmEgUGVzcXVpc2E6AERUTi5wZGYAAA4AEAAHAEQAVABOAC4AcABkAGYADwAaAAwATQBhAGMAaQBuAHQAbwBzAGgAIABIAEQAEgBeVXNlcnMvbHVpemNvc3RhL0RvY3VtZW50cy9VRkxBIC0gR3JhZHVhY8ynYcyDby9Qcm9qZXRvIE9yaWVudGFkby9BcnRpZ29zIHBhcmEgUGVzcXVpc2EvRFROLnBkZgATAAEvAAAVAAIAEP//AACABtIbHB0eWiRjbGFzc25hbWVYJGNsYXNzZXNdTlNNdXRhYmxlRGF0YaMdHyBWTlNEYXRhWE5TT2JqZWN00hscIiNcTlNEaWN0aW9uYXJ5oiIgXxAPTlNLZXllZEFyY2hpdmVy0SYnVHJvb3SAAQAIABEAGgAjAC0AMgA3AEAARgBNAFUAYABnAGoAbABuAHEAcwB1AHcAhACOASEBJgEuAywDLgMzAz4DRwNVA1kDYANpA24DewN+A5ADkwOYAAAAAAAAAgEAAAAAAAAAKAAAAAAAAAAAAAAAAAAAA5o=},
  Date-added               = {2013-05-22 09:05:59 +0000},
  Date-modified            = {2013-05-22 09:06:22 +0000},
  Issue_date               = {November 2010},
  Keywords                 = {DTN routing, Disruption tolerance, Intermittent connectivity, Message replication, Network coding, Routing design guidelines},
  Numpages                 = {22},
  Publisher                = {Kluwer Academic Publishers}
}

@InProceedings{Sun:2002,
  Title                    = {Mobility and mobility management: a conceptual framework},
  Author                   = {Jun-Zhao Sun and Sauvola, J.},
  Booktitle                = {Networks, 2002. ICON 2002. 10th IEEE International Conference on},
  Year                     = {2002},
  Pages                    = {205 - 210},

  Abstract                 = { The tremendous demands from the social market are pushing the development of mobile communications faster than ever before, leading to the emergence of many new techniques. Within those techniques, mobility management has widely been recognized as one of the most important problems for seamless access to wireless networks and services. This paper proposes a conceptual framework for mobility and mobility management, with the emphasis on the key research issues involved in the effort to design graceful mobility management schemes. The effects of mobility on both the architectures and protocols of networks and communications are presented. Diversity of the future mobile communication systems introduces new challenges, which lead to the definitions of mobility on various levels according to different granularities. Mobility management is defined as two complementary operations, i.e. location management and handoff management. The paper also describes mobility management issues at the network layer. The processing stages of the two operations are introduced, together with the analyses of key research issues and possible solutions. Finally, we discuss issues concerning the performance evaluation of mobility management schemes.},
  Bdsk-file-1              = {YnBsaXN0MDDUAQIDBAUGJCVYJHZlcnNpb25YJG9iamVjdHNZJGFyY2hpdmVyVCR0b3ASAAGGoKgHCBMUFRYaIVUkbnVsbNMJCgsMDxJXTlMua2V5c1pOUy5vYmplY3RzViRjbGFzc6INDoACgAOiEBGABIAFgAdccmVsYXRpdmVQYXRoWWFsaWFzRGF0YW8QSAAuAC4ALwAuAC4ALwBVAEYATABBACAALQAgAEcAcgBhAGQAdQBhAGMDJwBhAwMAbwAvAFAAcgBvAGoAZQB0AG8AIABPAHIAaQBlAG4AdABhAGQAbwAvAEEAcgB0AGkAZwBvAHMAIABwAGEAcgBhACAAUABlAHMAcQB1AGkAcwBhAC8AMwA2ADMALgBwAGQAZtIXCxgZV05TLmRhdGFPEQH6AAAAAAH6AAIAAAxNYWNpbnRvc2ggSEQAAAAAAAAAAAAAAAAAAADMcdiPSCsAAAAMJc8HMzYzLnBkZgAAAAAAAAAAAAAAAAAAAAAAAAAAAAAAAAAAAAAAAAAAAAAAAAAAAAAAAAAAAAAAAAAAAAAAAAAAAAwl1MrqHjYAAAAAAAAAAAACAAQAAAkgAAAAAAAAAAAAAAAAAAAAFUFydGlnb3MgcGFyYSBQZXNxdWlzYQAAEAAIAADMcgK/AAAAEQAIAADK6jpWAAAAAQAYAAwlzwAMJcwAC/GAAAM5XAADOU8AAJixAAIAbU1hY2ludG9zaCBIRDpVc2VyczoAbHVpemNvc3RhOgBEb2N1bWVudHM6AFVGTEEgLSBHcmFkdWGNi286AFByb2pldG8gT3JpZW50YWRvOgBBcnRpZ29zIHBhcmEgUGVzcXVpc2E6ADM2My5wZGYAAA4AEAAHADMANgAzAC4AcABkAGYADwAaAAwATQBhAGMAaQBuAHQAbwBzAGgAIABIAEQAEgBeVXNlcnMvbHVpemNvc3RhL0RvY3VtZW50cy9VRkxBIC0gR3JhZHVhY8ynYcyDby9Qcm9qZXRvIE9yaWVudGFkby9BcnRpZ29zIHBhcmEgUGVzcXVpc2EvMzYzLnBkZgATAAEvAAAVAAIAEP//AACABtIbHB0eWiRjbGFzc25hbWVYJGNsYXNzZXNdTlNNdXRhYmxlRGF0YaMdHyBWTlNEYXRhWE5TT2JqZWN00hscIiNcTlNEaWN0aW9uYXJ5oiIgXxAPTlNLZXllZEFyY2hpdmVy0SYnVHJvb3SAAQAIABEAGgAjAC0AMgA3AEAARgBNAFUAYABnAGoAbABuAHEAcwB1AHcAhACOASEBJgEuAywDLgMzAz4DRwNVA1kDYANpA24DewN+A5ADkwOYAAAAAAAAAgEAAAAAAAAAKAAAAAAAAAAAAAAAAAAAA5o=},
  Date-added               = {2013-05-22 09:28:17 +0000},
  Date-modified            = {2013-05-22 09:28:40 +0000},
  Keywords                 = {3G mobile communication systems; 4G mobile communication systems; conceptual framework; handoff management; location management; mobile personal telecommunications; mobility management; network architectures; network layer; network protocols; wireless computer networks; 3G mobile communication; 4G mobile communication; computer network management; mobile computing; mobile radio; protocols;}
}

@Conference{Taylor:2006,
  Title                    = {An Overview of Geographic Routing},
  Author                   = {Christopher Taylor},
  Booktitle                = {Seminar Technische Informatik},
  Year                     = {2006},

  Bdsk-file-1              = {YnBsaXN0MDDUAQIDBAUGJCVYJHZlcnNpb25YJG9iamVjdHNZJGFyY2hpdmVyVCR0b3ASAAGGoKgHCBMUFRYaIVUkbnVsbNMJCgsMDxJXTlMua2V5c1pOUy5vYmplY3RzViRjbGFzc6INDoACgAOiEBGABIAFgAdccmVsYXRpdmVQYXRoWWFsaWFzRGF0YW8QTQAuAC4ALwAuAC4ALwBVAEYATABBACAALQAgAEcAcgBhAGQAdQBhAGMDJwBhAwMAbwAvAFAAcgBvAGoAZQB0AG8AIABPAHIAaQBlAG4AdABhAGQAbwAvAEEAcgB0AGkAZwBvAHMAIABwAGEAcgBhACAAUABlAHMAcQB1AGkAcwBhAC8AcwBvAGIAcgBlAF8AUgBUAC4AcABkAGbSFwsYGVdOUy5kYXRhTxECDgAAAAACDgACAAAMTWFjaW50b3NoIEhEAAAAAAAAAAAAAAAAAAAAzHHYj0grAAAADCXPDHNvYnJlX1JULnBkZgAAAAAAAAAAAAAAAAAAAAAAAAAAAAAAAAAAAAAAAAAAAAAAAAAAAAAAAAAAAAAAAAAAAAAMJenK2bDeAAAAAAAAAAAAAgAEAAAJIAAAAAAAAAAAAAAAAAAAABVBcnRpZ29zIHBhcmEgUGVzcXVpc2EAABAACAAAzHICvwAAABEACAAAytnM/gAAAAEAGAAMJc8ADCXMAAvxgAADOVwAAzlPAACYsQACAHJNYWNpbnRvc2ggSEQ6VXNlcnM6AGx1aXpjb3N0YToARG9jdW1lbnRzOgBVRkxBIC0gR3JhZHVhjYtvOgBQcm9qZXRvIE9yaWVudGFkbzoAQXJ0aWdvcyBwYXJhIFBlc3F1aXNhOgBzb2JyZV9SVC5wZGYADgAaAAwAcwBvAGIAcgBlAF8AUgBUAC4AcABkAGYADwAaAAwATQBhAGMAaQBuAHQAbwBzAGgAIABIAEQAEgBjVXNlcnMvbHVpemNvc3RhL0RvY3VtZW50cy9VRkxBIC0gR3JhZHVhY8ynYcyDby9Qcm9qZXRvIE9yaWVudGFkby9BcnRpZ29zIHBhcmEgUGVzcXVpc2Evc29icmVfUlQucGRmAAATAAEvAAAVAAIAEP//AACABtIbHB0eWiRjbGFzc25hbWVYJGNsYXNzZXNdTlNNdXRhYmxlRGF0YaMdHyBWTlNEYXRhWE5TT2JqZWN00hscIiNcTlNEaWN0aW9uYXJ5oiIgXxAPTlNLZXllZEFyY2hpdmVy0SYnVHJvb3SAAQAIABEAGgAjAC0AMgA3AEAARgBNAFUAYABnAGoAbABuAHEAcwB1AHcAhACOASsBMAE4A0oDTANRA1wDZQNzA3cDfgOHA4wDmQOcA64DsQO2AAAAAAAAAgEAAAAAAAAAKAAAAAAAAAAAAAAAAAAAA7g=},
  Date-added               = {2013-05-22 09:26:25 +0000},
  Date-modified            = {2013-05-22 09:26:48 +0000}
}

@InCollection{Urra:2010,
  Title                    = {Mobile Agents in Vehicular Networks: Taking a First Ride},
  Author                   = {Urra, Oscar and Ilarri, Sergio and Delot, Thierry and Mena, Eduardo},
  Booktitle                = {Advances in Practical Applications of Agents and Multiagent Systems},
  Publisher                = {Springer Berlin Heidelberg},
  Year                     = {2010},
  Editor                   = {Demazeau, Yves and Dignum, Frank and Corchado, JuanM. and P{\'e}rez, JavierBajo},
  Pages                    = {119-124},
  Series                   = {Advances in Intelligent and Soft Computing},
  Volume                   = {70},

  Bdsk-url-1               = {http://dx.doi.org/10.1007/978-3-642-12384-9_15},
  Date-added               = {2013-05-17 22:23:54 +0000},
  Date-modified            = {2013-05-20 00:46:22 +0000}
}

@Book{Woolridge:2001,
  Title                    = {Introduction to Multiagent Systems},
  Author                   = {Woolridge, Michael},
  Publisher                = {John Wiley \& Sons, Inc.},
  Year                     = {2001},

  Address                  = {New York, NY, USA},

  Date-added               = {2013-05-22 09:18:18 +0000},
  Date-modified            = {2013-05-22 09:18:36 +0000}
}

@InProceedings{Zafoune:2007,
  Title                    = {Mobile agents localization in Ad hoc networks: a comparative study of centralized and distributed approaches},
  Author                   = {Zafoune, Y. and Kanawati, R. and Mokhtari, A.},
  Booktitle                = {Information and Communications Technology, 2007. ICICT 2007. ITI 5th International Conference on},
  Year                     = {2007},
  Month                    = {dec.},
  Pages                    = {269 -275},

  Abstract                 = {Mobility and the new mode of communication used in ad hoc mobile networks cause problems proper to a mobile environment. In this paper, we study the localization problem of mobile agents in ad hoc mobile networks; an object which has a double mobility is to be located, first, in relation to the mobility of its physical support in a dynamic environment, the station, and that of the code through the network stations. A comparative study, based upon a simulation, between the localization protocols proposed in (Zafoune and Mokhtari, 2004) show that the centralized approach in a distributed form is more interesting than a totally centralized approach.},
  Bdsk-file-1              = {YnBsaXN0MDDUAQIDBAUGJCVYJHZlcnNpb25YJG9iamVjdHNZJGFyY2hpdmVyVCR0b3ASAAGGoKgHCBMUFRYaIVUkbnVsbNMJCgsMDxJXTlMua2V5c1pOUy5vYmplY3RzViRjbGFzc6INDoACgAOiEBGABIAFgAdccmVsYXRpdmVQYXRoWWFsaWFzRGF0YW8QjgAuAC4ALwAuAC4ALwBVAEYATABBACAALQAgAEcAcgBhAGQAdQBhAGMDJwBhAwMAbwAvAFAAcgBvAGoAZQB0AG8AIABPAHIAaQBlAG4AdABhAGQAbwAvAEEAcgB0AGkAZwBvAHMAIABwAGEAcgBhACAAUABlAHMAcQB1AGkAcwBhAC8AWgBhAGYAbwBuAGUAXwAyADAAMQAwAC0AQQAgAEMAbwBtAHAAYQByAGEAdABpAHYAZQAgAHMAdAB1AGQAeQAgAG8AZgAgAGMAZQBuAHQAcgBhAGwAaQB6AGUAZAAgAGEAbgBkACAAZABpAHMAdAByAGkAYgB1AHQAZQBkACAAYQBwAHAAcgBvAGEAYwBoAGUAcwAuAHAAZABm0hcLGBlXTlMuZGF0YU8RAuQAAAAAAuQAAgAADE1hY2ludG9zaCBIRAAAAAAAAAAAAAAAAAAAAMxx2I9IKwAAAAwlzx9aYWZvbmVfMjAxMC1BIENvbXBhcmEjQzI1RUYucGRmAAAAAAAAAAAAAAAAAAAAAAAAAAAAAAAAAAAAAAAAAAAADCXvyooncgAAAAAAAAAAAAIABAAACSAAAAAAAAAAAAAAAAAAAAAVQXJ0aWdvcyBwYXJhIFBlc3F1aXNhAAAQAAgAAMxyAr8AAAARAAgAAMqKUaIAAAABABgADCXPAAwlzAAL8YAAAzlcAAM5TwAAmLEAAgCFTWFjaW50b3NoIEhEOlVzZXJzOgBsdWl6Y29zdGE6AERvY3VtZW50czoAVUZMQSAtIEdyYWR1YY2LbzoAUHJvamV0byBPcmllbnRhZG86AEFydGlnb3MgcGFyYSBQZXNxdWlzYToAWmFmb25lXzIwMTAtQSBDb21wYXJhI0MyNUVGLnBkZgAADgCcAE0AWgBhAGYAbwBuAGUAXwAyADAAMQAwAC0AQQAgAEMAbwBtAHAAYQByAGEAdABpAHYAZQAgAHMAdAB1AGQAeQAgAG8AZgAgAGMAZQBuAHQAcgBhAGwAaQB6AGUAZAAgAGEAbgBkACAAZABpAHMAdAByAGkAYgB1AHQAZQBkACAAYQBwAHAAcgBvAGEAYwBoAGUAcwAuAHAAZABmAA8AGgAMAE0AYQBjAGkAbgB0AG8AcwBoACAASABEABIApFVzZXJzL2x1aXpjb3N0YS9Eb2N1bWVudHMvVUZMQSAtIEdyYWR1YWPMp2HMg28vUHJvamV0byBPcmllbnRhZG8vQXJ0aWdvcyBwYXJhIFBlc3F1aXNhL1phZm9uZV8yMDEwLUEgQ29tcGFyYXRpdmUgc3R1ZHkgb2YgY2VudHJhbGl6ZWQgYW5kIGRpc3RyaWJ1dGVkIGFwcHJvYWNoZXMucGRmABMAAS8AABUAAgAQ//8AAIAG0hscHR5aJGNsYXNzbmFtZVgkY2xhc3Nlc11OU011dGFibGVEYXRhox0fIFZOU0RhdGFYTlNPYmplY3TSGxwiI1xOU0RpY3Rpb25hcnmiIiBfEA9OU0tleWVkQXJjaGl2ZXLRJidUcm9vdIABAAgAEQAaACMALQAyADcAQABGAE0AVQBgAGcAagBsAG4AcQBzAHUAdwCEAI4BrQGyAboEogSkBKkEtAS9BMsEzwTWBN8E5ATxBPQFBgUJBQ4AAAAAAAACAQAAAAAAAAAoAAAAAAAAAAAAAAAAAAAFEA==},
  Date-added               = {2013-05-22 08:43:56 +0000},
  Date-modified            = {2013-05-22 08:44:29 +0000},
  Keywords                 = {ad hoc mobile networks;localization protocols;mobile agents localization;mobility;ad hoc networks;mobile agents;mobile computing;mobility management (mobile radio);protocols;}
}

@Other{Arduino:2013,
  Date-added               = {2013-05-26 11:26:26 +0000},
  Date-modified            = {2013-05-26 11:26:39 +0000},
  Url                      = {http://www.arduino.cc}
}

@Other{Android:2013,
  Bdsk-url-1               = {http://www.android.com},
  Date-added               = {2013-05-24 16:05:14 +0000},
  Date-modified            = {2013-05-26 11:26:59 +0000},
  Url                      = {http://www.android.com},
  Year                     = {2013}
}

